<?xml version="1.0" encoding="UTF-8"?><collection xmlns="http://www.loc.gov/MARC21/slim"><record><leader>00818nam--2200217-u-4500</leader><controlfield tag="001">000053461</controlfield><controlfield tag="002">20161230</controlfield><controlfield tag="005">20161230201051</controlfield><controlfield tag="008">110406s1000------------r-----000-0-eng-d</controlfield><datafield ind1=" " ind2=" " tag="020"><subfield code="a">0841233241</subfield></datafield><datafield ind1=" " ind2=" " tag="040"><subfield code="a">IFIN-HH</subfield></datafield><datafield ind1=" " ind2=" " tag="080"><subfield code="a">54-139:542.9:001.895</subfield></datafield><datafield ind1="1" ind2=" " tag="100"><subfield code="a">Hutchenson, Keith W</subfield></datafield><datafield ind1="1" ind2="0" tag="245"><subfield code="a">Innovations in supercritical fluids: science and technology</subfield><subfield code="b">Developed from a symposium held at the american institute of chemical engineers, annual meeting, san francisco, california, november 13-18, 1994</subfield><subfield code="c">Keith w. hutchenson; neil r. foster (eds.)</subfield></datafield><datafield ind1=" " ind2=" " tag="260"><subfield code="a">Washington, Dc</subfield><subfield code="b">American Chemical Society</subfield><subfield code="c">1995</subfield></datafield><datafield ind1=" " ind2=" " tag="300"><subfield code="a">468P</subfield></datafield><datafield ind1=" " ind2=" " tag="490"><subfield code="a">Acs Symposium Series</subfield><subfield code="v">Vol. 608</subfield></datafield><datafield ind1=" " ind2="4" tag="650"><subfield code="a">Supercritical Fluid Extraction</subfield></datafield><datafield ind1="1" ind2=" " tag="700"><subfield code="a">Foster, Neil R</subfield><subfield code="e">Ed</subfield></datafield><datafield ind1=" " ind2=" " tag="852"><subfield code="a">81612</subfield><subfield code="c">542</subfield></datafield><datafield ind1=" " ind2=" " tag="CAT"><subfield code="a">Sys</subfield><subfield code="c">20110406</subfield><subfield code="h">102932</subfield></datafield></record></collection>